@book{strogatz1994,
  title={Nonlinear Dynamics and Chaos},
  author={Strogatz, Steven H},
  publisher={CRC Press},
  year={1994}
}

@book{ottoday2011,
  title={A Biologist's Guide to Mathematical Modeling in Ecology and Evolution},
  author={Otto, Sarah P and Day, Troy},
  year={2011},
  publisher={Princeton University Press}
}
