@article{hammond2012,
  title={A systems science perspective and transdisciplinary models for food and nutrition security},
  author={Hammond, Ross A and Dub{\'e}, Laurette},
  journal={Proceedings of the National Academy of Sciences},
  volume={109},
  number={31},
  pages={12356--12363},
  year={2012},
  publisher={National Acad Sciences}
}

@book{FAO1996,
  title={World Food Summit: Rome Declaration on World Food Security and World Food Summit Plan of Action},
  author={FAO.},
  year={1996},
  publisher={FAO}
}


@article{maxwell1996,
  title={Food security: a post-modern perspective},
  author={Maxwell, Simon},
  journal={Food policy},
  volume={21},
  number={2},
  pages={155--170},
  year={1996},
  publisher={Elsevier}
}

@article{barrett2010,
  title={Measuring food insecurity},
  author={Barrett, Christopher B},
  journal={Science},
  volume={327},
  number={5967},
  pages={825--828},
  year={2010},
  publisher={American Association for the Advancement of Science}
}

@article{ericksen2008,
  title={Conceptualizing food systems for global environmental change research},
  author={Ericksen, Polly J},
  journal={Global environmental change},
  volume={18},
  number={1},
  pages={234--245},
  year={2008},
  publisher={Elsevier}
}

@article{ericksen2010,
  title={The value of a food system approach},
  author={Ericksen, Polly and Stewart, Beth and Dixon, Jane and Barling, David and Loring, Philip and Anderson, Molly and Ingram, John},
  journal={Food security and global environmental change},
  volume={25},
  pages={24--25},
  year={2010},
  publisher={Earthscan, London, UK}
}

@article{ingram2011,
  title={A food systems approach to researching food security and its interactions with global environmental change},
  author={Ingram, John S},
  journal={Food Security},
  volume={3},
  number={4},
  pages={417--431},
  year={2011},
  publisher={Springer}
}

@article{springmann2018,
  title={Options for keeping the food system within environmental limits},
  author={Springmann, Marco and Clark, Michael and Mason-D’Croz, Daniel and Wiebe, Keith and Bodirsky, Benjamin Leon and Lassaletta, Luis and de Vries, Wim and Vermeulen, Sonja J and Herrero, Mario and Carlson, Kimberly M and others},
  journal={Nature},
  volume={562},
  number={7728},
  pages={519},
  year={2018},
  publisher={Nature Publishing Group}
}

@article{drimie2013,
  title={Food security in South Africa: first steps toward a transdisciplinary approach},
  author={Drimie, Scott and McLachlan, Milla},
  journal={Food Security},
  volume={5},
  number={2},
  pages={217--226},
  year={2013},
  publisher={Springer}
}

@article{nystrom2019,
  title={Anatomy and resilience of the global production ecosystem},
  author={Nystr{\"o}m, Magnus and Jouffray, J-B and Norstr{\"o}m, Albert V and Crona, Beatrice and J{\o}rgensen, P S{\o}gaard and Carpenter, SR and Bodin, {\"O}rjan and Galaz, Victor and Folke, Carl},
  journal={Nature},
  volume={575},
  number={7781},
  pages={98--108},
  year={2019},
  publisher={Nature Publishing Group}
}

@article{puma2019,
  title={Resilience of the global food system},
  author={Puma, Michael J},
  journal={Nature Sustainability},
  volume={2},
  number={4},
  pages={260},
  year={2019},
  publisher={Nature Publishing Group}
}

@article{tendall2015,
  title={Food system resilience: Defining the concept},
  author={Tendall, DM and Joerin, Jonas and Kopainsky, Birgit and Edwards, P and Shreck, Aimee and Le, QB and Kr{\"u}tli, Pius and Grant, Michelle and Six, Johan},
  journal={Global Food Security},
  volume={6},
  pages={17--23},
  year={2015},
  publisher={Elsevier}
}

@article{bene2016,
  title={Is resilience a useful concept in the context of food security and nutrition programmes? Some conceptual and practical considerations},
  author={B{\'e}n{\'e}, Christophe and Headey, Derek and Haddad, Lawrence and von Grebmer, Klaus},
  journal={Food Security},
  volume={8},
  number={1},
  pages={123--138},
  year={2016},
  publisher={Springer}
}

@article{seekell2017,
  title={Resilience in the global food system},
  author={Seekell, David and Carr, Joel and Dell’Angelo, Jampel and D’Odorico, Paolo and Fader, Marianela and Gephart, Jessica and Kummu, Matti and Magliocca, Nicholas and Porkka, Miina and Puma, Michael and others},
  journal={Environmental Research Letters},
  volume={12},
  number={2},
  pages={025010},
  year={2017},
  publisher={IOP Publishing}
}

@article{marchand2016,
  title={Reserves and trade jointly determine exposure to food supply shocks},
  author={Marchand, Philippe and Carr, Joel A and Dell’Angelo, Jampel and Fader, Marianela and Gephart, Jessica A and Kummu, Matti and Magliocca, Nicholas R and Porkka, Miina and Puma, Michael J and Ratajczak, Zak and others},
  journal={Environmental Research Letters},
  volume={11},
  number={9},
  pages={095009},
  year={2016},
  publisher={IOP Publishing}
}

@article{sampedro2020,
  title={Food supply system dynamics in the Galapagos islands: Agriculture, livestock and imports},
  author={Sampedro, Carolina and Pizzitutti, Francesco and Quiroga, Diego and Walsh, Stephen J and Mena, Carlos F},
  journal={Renewable Agriculture and Food Systems},
  volume={35},
  number={3},
  pages={234--248},
  year={2020},
  publisher={Cambridge University Press}
}

@article{suweis2015,
  title={Resilience and reactivity of global food security},
  author={Suweis, Samir and Carr, Joel A and Maritan, Amos and Rinaldo, Andrea and D'Odorico, Paolo},
  journal={Proceedings of the National Academy of Sciences},
  volume={112},
  number={22},
  pages={6902--6907},
  year={2015},
  publisher={National Acad Sciences}
}

@article{strzepek2010,
  title={Competition for water for the food system},
  author={Strzepek, Kenneth and Boehlert, Brent},
  journal={Philosophical Transactions of the Royal Society B: Biological Sciences},
  volume={365},
  number={1554},
  pages={2927--2940},
  year={2010},
  publisher={The Royal Society}
}

@article{scalco2019,
  title={An Agent-Based Model to Simulate Meat Consumption Behaviour of Consumers in Britain},
  author={Scalco, Andrea and Macdiarmid, Jennie I and Craig, Tony and Whybrow, Stephen and Horgan, Graham},
  journal={Journal of Artificial Societies and Social Simulation},
  year={2019}
}

@article{tu2019,
  title={Impact of globalization on the resilience and sustainability of natural resources},
  author={Tu, Chengyi and Suweis, Samir and D'Odorico, Paolo},
  journal={Nature Sustainability},
  volume={2},
  number={4},
  pages={283},
  year={2019},
  publisher={Nature Publishing Group}
}

@article{gao2016,
  title={Universal resilience patterns in complex networks},
  author={Gao, Jianxi and Barzel, Baruch and Barab{\'a}si, Albert-L{\'a}szl{\'o}},
  journal={Nature},
  volume={530},
  number={7590},
  pages={307},
  year={2016},
  publisher={Nature Publishing Group}
}

@article{may1973,
  title={Qualitative stability in model ecosystems},
  author={May, Robert M},
  journal={Ecology},
  volume={54},
  number={3},
  pages={638--641},
  year={1973},
  publisher={Wiley Online Library}
}

@article{boyd2003,
  title={The evolution of altruistic punishment},
  author={Boyd, Robert and Gintis, Herbert and Bowles, Samuel and Richerson, Peter J},
  journal={Proceedings of the National Academy of Sciences},
  volume={100},
  number={6},
  pages={3531--3535},
  year={2003},
  publisher={National Acad Sciences}
}

@article{kermack1927,
  title={A contribution to the mathematical theory of epidemics},
  author={Kermack, William Ogilvy and McKendrick, Anderson G},
  journal={Proceedings of the royal society of london. Series A, Containing papers of a mathematical and physical character},
  volume={115},
  number={772},
  pages={700--721},
  year={1927},
  publisher={The Royal Society London}
}

@article{strogatz1994,
  title={Nonlinear dynamics and chaos: with applications to physics},
  author={Strogatz, Steven H},
  journal={Biology, Chemistry and Engineering},
  pages={1},
  year={1994}
}

@article{ngonghala2017,
  title={General ecological models for human subsistence, health and poverty},
  author={Ngonghala, Calistus N and De Leo, Giulio A and Pascual, Mercedes M and Keenan, Donald C and Dobson, Andrew P and Bonds, Matthew H},
  journal={Nature ecology \& evolution},
  volume={1},
  number={8},
  pages={1153--1159},
  year={2017},
  publisher={Nature Publishing Group}
}

@article{smaldino2019,
  title={Better methods can't make up for mediocre theory.},
  author={Smaldino, Paul},
  journal={Nature},
  volume={575},
  number={7781},
  pages={9},
  year={2019}
}
